@article{zhao2017sensitivity,
  title={Sensitivity analysis for inverse probability weighting estimators via
    the percentile bootstrap},
  author={Zhao, Qingyuan and Small, Dylan S and Bhattacharya, Bhaswar B},
  journal={arXiv preprint arXiv:1711.11286},
  year={2017}
}

